% primarni zdroje 

@misc{ neskudla,
author = "Bc. Pavel Neškudla",
title = "Zpracování dat z {MRI}",
note = "Diplomová práce, FJFI ČVUT v Praze",
year = "2010",
}

@misc{ flaska,
author = "Jakub Flaška",
title = "Zpracování a vizualizace dat z magnetické resonance",
note = "Bakalářská práce, FJFI ČVUT v Praze",
year = "2010",
}
